<?xml version="1.0" encoding="UTF-8"?><collection xmlns="http://www.loc.gov/MARC21/slim"><record><leader>00325nam--2200133-i-4500</leader><controlfield tag="001">000032816</controlfield><controlfield tag="002">20161230</controlfield><controlfield tag="005">20161230201039</controlfield><controlfield tag="008">060222s1000------------r-----000-0-eng-d</controlfield><datafield ind1=" " ind2=" " tag="080"><subfield code="a">621.382</subfield></datafield><datafield ind1=" " ind2=" " tag="100"><subfield code="a">Middleton, Robert G</subfield></datafield><datafield ind1=" " ind2=" " tag="245"><subfield code="a">Transistor technology</subfield></datafield><datafield ind1=" " ind2=" " tag="260"><subfield code="a">Slough, W.Foulsham &amp; Co.Ltd.,1967. 288p</subfield></datafield><datafield ind1=" " ind2=" " tag="852"><subfield code="a">29438</subfield></datafield></record></collection>